@article { test,
	title = "test",
	author = "nobody",
	year = "2004",
	journal = "JHEP"
}
