@Article{ Scherzer1936,
	title = "{\"U}ber einige Fehler von Elektronenlinsen",
	author = "O. Scherzer",
	journal = "Zeitschrift f{\"u}r Physik A Hadrons and Nuclei",
	pages = "593--603",
	volume = "101",
	number = "9",
	month = "Sep",
	year = "1936",
	doi = "10.1007/BF01349606",
}